<?xml version="1.0" encoding="UTF-8"?><collection xmlns="http://www.loc.gov/MARC21/slim"><record><leader>00428nam--2200133-i-4500</leader><controlfield tag="001">000025624</controlfield><controlfield tag="002">20161230</controlfield><controlfield tag="005">20170111001903</controlfield><controlfield tag="008">060222s1000------------r-----000-0-eng-d</controlfield><datafield ind1=" " ind2=" " tag="245"><subfield code="a">IXth International Congress of Radiology. 23.VII - 30.VII.1959 in Munchen</subfield><subfield code="b">Transactions herausgegeben von B.Rajewsky</subfield></datafield><datafield ind1=" " ind2=" " tag="260"><subfield code="a">Stuttgart</subfield><subfield code="b">Georg Thieme Verlag</subfield><subfield code="c">1961</subfield></datafield><datafield ind1=" " ind2=" " tag="300"><subfield code="a">1625 p. 1008 Fig</subfield></datafield><datafield ind1=" " ind2=" " tag="852"><subfield code="a">16550</subfield></datafield><datafield ind1=" " ind2=" " tag="CAT"><subfield code="a">SYS</subfield><subfield code="c">20170111</subfield><subfield code="h">001903</subfield></datafield></record></collection>